
@article{Honda2009Multipath,
  title={Multipath congestion control for shared bottleneck},
  author={Honda, Michio and Nishida, Yoshifumi and Eggert, Lars and Sarolahti, Pasi and Tokuda, Hideyuki},
  year={2009},
}
%在里面不能有注释


@inproceedings{Wischik2011Design,
  title={Design, implementation and evaluation of congestion control for multipath TCP},
  author={Wischik, Damon and Raiciu, Costin and Greenhalgh, Adam and Handley, Mark},
  booktitle={Usenix Conference on Networked Systems Design and Implementation},
  pages={99-112},
  year={2011},
}